@misc{wiki-battleship,
  author    = "{Přispěvatelé Wikipedie}",
  title     = "{Lodě}",
  howpublished = "\url{https://cs.wikipedia.org/wiki/Lod\%C4\%9B}",
  year      = "2024",
  note      = "[Online; přístup k datu 17. 1. 2024]"
}
